% LTeX: enabled=false
@book{arasse2016historias,
  author = {Arasse, Daniel},
  title = {Histórias de Pinturas},
  publisher = {KKYM},
  address = {Lisboa},
  ISBN = {978-989-99393-4-9},
  year = {2016},
  type = {Book},
}

@book{argan2010arte,
  author = {Argan, G C},
  title = {Arte Moderna},
  publisher = {Companhia das Letras},
  edition = {2a.},
  year = {2010},
  type = {Book},
}

@book{aumont2004olho,
  author = {Aumont, Jacques},
  title = {O olho interminável (cinema e pintura): Jacques Aumont},
  publisher = {Cosac Naify},
  address = {Sāo Paulo},
  ISBN = {9788575032817},
  year = {2004},
  type = {Book},
}

@inbook{barone2009rubens,
  author = {Juliana Barone},
  title = {Rubens and Leonardo on Motion: Figures, Inscriptions, and Texts.
           Re-Reading Leonardo},
  editor = {Farago, C.},
  pages = {441–472},
  year = {2009},
  type = {Book Section},
}

@inbook{bazin1983ontologia,
  author = {Bazin, André},
  title = {Ontologia da imagem fotográfica},
  booktitle = {A Experiência do Cinema: antologia},
  editor = {Xavier, Ismail},
  publisher = {Edições Graal: Embrafilme},
  pages = {121-128},
  year = {1983},
  type = {Book Section},
}

@misc{berger1972,
  author = {John Berger},
  title = {Ways of Seeing},
  year = {1972},
  publisher = {BBC},
  type = {Audiovisual Material},
}

@misc{RN212,
  year = {2012},
  type = {Audiovisual Material},
}

@book{block2013visual,
  author = {Block, Bruce},
  title = {The visual story: Creating the visual structure of film, TV and
           digital media},
  publisher = {CRC Press},
  edition = {2},
  ISBN = {1136043462},
  year = {2013},
  type = {Book},
}

@book{block2021visual,
  author = {Block, Bruce},
  title = {The visual story: Creating the visual structure of film, TV, and
           digital media},
  publisher = {Routledge},
  edition = {3},
  year = {2021},
  type = {Book},
}

@article{borges2019sobre,
  author = {Borges, Cristian},
  title = {Sobre a noção de três espaços no cinema},
  journal = {ARS (São Paulo)},
  volume = {17},
  pages = {135-143},
  ISSN = {1678-5320},
  year = {2019},
  type = {Journal Article},
}

@article{bulhoes2018geracao,
  author = {Bulhões, M.~A.},
  title = {A Geração 80 no Brasil, uma ousada e complexa expansão},
  journal = {Arte Teoria - Revista do Cieba},
  volume = {II},
  pages = {61-68},
  ISSN = {1648-396X},
  year = {2018},
  type = {Journal Article},
}

@inbook{cocchiarale2011entre,
  title = {Entre a ordem e o ícone},
  booktitle = {Christina Canale},
  author = {Fernando Cocchiarale},
  address = {Rio de Janeiro},
  publisher = {Francisco Alves},
  url = {https://www.cristinacanale.com/fernando-cocchiarale-2011},
  year = {2011},
  urldate = {2022-03-04}
}

@book{comolli2015cinema,
  title = {Cinema against Spectacle: Technique and Ideology Revisited},
  author = {Comolli, {Jean-Louis}},
  url = {http://library.oapen.org/handle/20.500.12657/32378},
  year = {2015},
  publisher = {Amsterdam University Press},
  address = {Amsterdam},
  urldate = {2022-07-05}
}

@article{couto2021lucia,
  title = {Lucia Laguna e a Pintura de Adição},
  author = {Paulo Couto},
  journal = {O fermento revista},
  url = {
         http://ofermentorevista.com.br/2021/05/13/lucia-laguna-e-a-pintura-de-adicao/
         },
  year = {2021},
  type = {Electronic Article},
  urldate = {2022-03-04}
}

@misc{cupello2007laguna,
  title = {Lúcia Laguna parte 1, o mais-ou-menos e o não-sei-que},
  author = {Simone Cupello},
  year = {2007},
  url = {https://www.youtube.com/channel/UCkQgUtvQ2iuf7Y4AiMmxFMA},
  nota = {Vídeo do Youtube},
  urldate = {2022-02-03}
}

@article{demoraes1987cristina,
  title = {Cristina Lutadora},
  author = {Frederico Moraes},
  journal = {O Globo},
  volume = {1987},
  year = {1987},
  url = {https://www.cristinacanale.com/frederico-moraes-1987},
  urldate = {2022-03-07}
}

@book{deleuze1981logica,
  author = {Deleuze, Giles},
  title = {A lógica da sensaçāo},
  publisher = {Éditions de la Différence},
  address = {Paris},
  year = {1981},
  type = {Book},
}

@book{deleuze2004imagem,
  author = {Deleuze, Giles},
  title = {A imagem movimento: cinema 1},
  publisher = {Assiro \& Alvim},
  address = {Lisboa},
  series = {Coleção Livros de Cinema},
  ISBN = {972-37-0958-9},
  year = {2004},
  type = {Book},
}

@book{dias2016riso,
  author = {Dias, Sousa},
  title = {O riso de Mozart: música, pintura, cinema, literatura},
  publisher = {Sistema Solar (Documenta)},
  ISBN = {9898834056},
  year = {2016},
  type = {Book},
}

@article{diniz2018cabecas,
  title = {Cabeças\slash falantes},
  author = {Clarissa Diniz},
  journal = {Website de Cristina Canale},
  url = {https://www.cristinacanale.com/clarissa-diniz-2018},
  year = {2018},
  urldate = {2022-03-04}
}

@book{eisner1985tela,
  author = {Eisner, Lotte},
  title = {A tela demoníaca. As influências de Max Reinhardt e do expressionismo
           },
  publisher = {Paz e Terra: Instituto Goethe},
  address = {Rio de Janeiro},
  series = {Biblioteca Alemā},
  year = {1985},
  type = {Book},
}

@inreference{enciclopedia2015colagem,
  title = {Colagem},
  author = {{Editores da Enciclopédia Itaú Cultural}},
  booktitle = {Enciclopédia Itaú Cultural},
  year = {2015},
  adress = {São Paulo},
  publisher = {Itaú Cultural},
  url = {https://enciclopedia.itaucultural.org.br/termo369/colagem},
  urldate = {2021-05-12}
}

@book{ferreira2006escritos,
  author = {Ferreira, Gloria and Cecília Cotrin},
  title = {Escritos de artistas: anos 60/70},
  publisher = {Zahar},
  ISBN = {978-8571109391},
  year = {2006},
  type = {Book},
}

@book{flores2011fotografia,
  author = {Flores, Laura González},
  title = {Fotografia e pintura, dois meios diferentes?},
  publisher = {Martins Fontes},
  address = {Sao Paulo},
  ISBN = {9788578274580},
  year = {2011},
  type = {Book},
}

@book{focillon1983vida,
  author = {Focillon, Henri},
  title = {Vida das Formas},
  publisher = {Zahar Editores},
  address = {Rio de Janeiro},
  year = {1983},
  type = {Book},
}

@misc{gabriel2022laguna,
  title = {Lucia Laguna Publications},
  author = {Fortes D'Aloia \& Gabriel},
  url = {https://fdag.com.br/en/artists/lucia-laguna/texts/},
  year = {2022},
  type = {Web Page},
  urldate = {2022-02-03}
}

@misc{RN216,
  volume = {2022},
  number = {16 Jul},
  year = {2022, 12 Jan},
  type = {Web Page},
}

@misc{judin2022adrian,
  title = {Adrian Ghenie},
  author = {{Galerie Judin}},
  url = {https://www.galeriejudin.com/artist/adrian-ghenie/},
  year = {2022},
  type = {Web Page},
  urldate = {2021-05-12}
}

@book{gardies2019espaco,
  author = {Gardies, André},
  title = {L'espace au cinéma},
  publisher = {Klincksieck},
  edition = {2},
  ISBN = {9782252042434},
  year = {2019},
  type = {Book},
}

@book{gil2005atmosfera,
  author = {Gil, Ines},
  title = {A atmosfera no cinema: o caso de "A sombra do caçador" de Charles
           Laugthon entre onirismo e realismo},
  publisher = {Fundaçāo Caluste Gulbenkian \& Fundação para a Ciência e
               Tecnologia},
  address = {Lisboa},
  series = {Textos universitários de ciências sociais e humanas},
  year = {2005},
  type = {Book},
}

@phdthesis{grilo1993ordem,
  author = {Grilo, Joao Mario},
  title = {A ordem no cinema: vozes e palavras de ordem no estabelecimento do
           cinema em Hollywood},
  university = {Universidade Nova de Lisboa},
  year = {1993},
  type = {Thesis},
}

@book{Gumbrecht2010producao,
  author = {Gumbrecht, Hans Ulrich},
  title = {Produçāo de Presença - o que o sentido nāo consegue transmitir},
  publisher = {Editora Contraponto Ltda},
  address = {Rio de Janeiro},
  ISBN = {9788578660314},
  year = {2010},
  type = {Book},
}

@article{imbriosi2022,
  author = {Imbrosi, Margaret and Martins, Simone},
  title = {Futurismo},
  journal = {História das Artes},
  url = {https://www.historiadasartes.com/nomundo/arte-seculo-20/futurismo/},
  urldate = {2022-06-25},
  year = {2022},
  urldate = {2022-06-25}
}

@book{itten1975arte,
  author = {Itten, Johannes},
  title = {Arte del color: aproximación subjetiva y descripción objetiva del
           arte: edición abreviada},
  publisher = {Bouret},
  ISBN = {224930016X},
  year = {1975},
  type = {Book},
}

@book{jullier2009lendo,
  author = {Jullier, L. and Marie, M.},
  title = {Lendo as imagens do cinema},
  year = {2009},
  type = {Book},
}

@book{klee1971theorie,
  author = {Klee, Paul},
  title = {Theorie de l ́art moderne. Geneva: Gouthier.},
  publisher = {Gouthier},
  year = {1971},
  type = {Book},
}

@misc{leal2008iluminados,
  title = {Iluminados},
  author = {Cristina Leal},
  note = {Festival Estação Virtual, no Vimeo},
  url = {https://vimeo.com/527366696},
  year = {2008},
  type = {Film or Broadcast},
  urldate = {2021-05-27}
}

@misc{RN166,
  year = {2019},
  type = {Conference Paper},
}

@inproceedings{martins2014estrategias,
  author = {India Mara Martins},
  shortauthor = {India Martins},
  title = {Estratégias Visuais e Efeito do Real na Construção do Espaço
           Cinematográfico},
  booktitle = {XII Congreso Latinoamericano de Investigadores da Comunicação},
  publisher = {Asociación Latinoamericana de Investigadores en Comunicación
               (ALAIC)},
  year = {2014},
  url = {https://congreso.pucp.edu.pe/alaic2014/grupos-de-interes/gi-4-las-imagenes-visuales-y-audiovisuales-en-america-latina},
  type = {Conference Proceedings},
  urldate = {2021-02-20}
}

@article{medeiros2017cultura,
  author = {Medeiros, Margarida and Castro, Teresa},
  title = {O que é a cultura visual?},
  journal = {Revista de Comunicação e Linguagens},
  pages = {1-7},
  year = {2017},
  type = {Journal Article},
}

@article{mello2021canale,
  author = {Cristina Canale},
  title = {Cristina Canale: saiba mais sobre o trabalho da artista carioca, em
           ascensão no circuito internacional},
  journal = {Vogue},
  url = {
         https://vogue.globo.com/lifestyle/cultura/Arte/noticia/2021/12/cristina-canale-saiba-mais-sobre-o-trabalho-da-artista-carioca-em-ascensao-no-circuito-internacional.html
         },
  year = {2021},
  urldate = {2022-03-07}
}

@article{nogueira2011cinema,
  author = {Nogueira, Isabel},
  title = {Cinema and painting: imagem cinematográfica e expressão plastica},
  publisher = {Imprensa da Universidade de Coimbra},
  journal = {Revista Estudos do Século XX},
  volume = {11},
  pages = {139-150},
  url = {https://www.uc.pt/iii/ceis20/Publicacoes/estudosdoseculoxx/Revista},
  year = {2011},
  urldate = {2022-06-25}
}

@inbook{parente2007cinema,
  author = {Parente, André},
  title = {Cinema em trânsito: do dispositivo do cinema ao cinema do
           dispositivo},
  booktitle = {Estéticas do digital cinema e tecnologia},
  editor = {Penafria, M e Martins, India (orgs)},
  publisher = {Livros LabCom},
  address = {Covilhā},
  pages = {3-31},
  ISBN = {978-972-8790-84-4},
  year = {2007},
  type = {Book Section},
}

@inproceedings{pedro2013percepcao,
  author = {Pedro, Teresa},
  title = {Percepçāo e estética na teoria do cinema de Hugo Munsterberg e Rudolf
           Arnhein},
  year = {2013},
  booktitle = {Atas do II Encontro Anual da AIM},
  editor = {Batista, Tiago and Martins, Adriana},
  publisher = {AIM},
  pages = {226-241},
  ISBN = {978-989-98215-0-7},
  type = {Conference Proceedings},
}

@phdthesis{pereira2022padrao,
  author = {Pereira, Marcelo Duprat},
  title = {Padrão ativo: um fundamento compositivo de pintura numa perspectiva
           contemporânea},
  university = {Universidade de Lisboa},
  year = {2022},
  type = {Thesis},
}

@phdthesis{porras2010entre,
  author = {Porras, Adolfo},
  title = {Entre caixa preta e cubo branco: o vídeo nos espaços das artes
           plásticas},
  university = {Universidade Federal de Minas Gerais},
  year = {2010},
  type = {Thesis},
}

@article{ILLLP2015optico,
  author = {{Comissão do Instituto de Lexicologia e Lexicografia da Língua
            Portuguesa}},
  title = {Óptica/Óptico vs. Ótica/Ótico},
  journal = {Pórtico da Língua Portuguesa},
  year = {2015},
  url = {
         https://porticodalinguaportuguesa.pt/index.php/acordo-ortografico/esclarecimentos/item/vocabulos-opticaoptico-vs-oticaotico-uma-questao-da-nova-ortografi
         },
  type = {Web Page},
  urldate = {2022-04-22}
}
2022-04-22
@misc{rosebud2020dziga,
  title = {Rosebud.bio --- Ep.15 --- Dziga Vertov},
  author = {{Rosebud Club}},
  organization = {Youtube},
  url = { https://www.youtube.com/watch?v=GkfTjno6arE\&t=90s\&
         ab_channel=RosebudClub },
  year = {2020},
  type = {Audiovisual Material},
  urldate = {2021-06-17}
}

@article{ruzza2016dadaismo,
  author = {Ruzza, Antonio},
  title = {Dadaísmo e Surrealismo: uma experiência no cinema},
  journal = {Revista Lumen-ISSN: 2447-8717},
  volume = {1},
  number = {2},
  ISSN = {2447-8717},
  year = {2016},
  type = {Journal Article},
}

@book{sabino2000pintura,
  author = {Sabino, Isabel},
  title = {A pintura depois da pintura},
  publisher = {Faculdade de Belas Artes Universidade de Lisboa},
  address = {Lisboa},
  year = {2000},
  type = {Book},
}

@inproceedings{sabino2015pintura,
  author = {Sabino, Isabel},
  year = {2015},
  title = {A pintura depois da pintura: novos desenvolvimentos},
  booktitle = {Arte+ pintura.},
  publisher = {Consello da Cultura Galega},
  pages = {32-45},
  type = {Conference Proceedings},
}

@book{sardo2017exercicio,
  author = {Sardo, Delfim},
  title = {O Exercício Experimental da Liberdade: Dispositivos da arte no século
           ~XX},
  publisher = {Orfeu Negro},
  ISBN = {9898327820},
  year = {2017},
  type = {Book},
}

@inbook{viveiros2007espacos,
  author = {Viveiros, Paulo},
  title = {Espaços Densos: configurações do cinema digital},
  booktitle = {Estéticas do Digital: cinema e tecnologia},
  editor = {LivrosLabCom},
  publisher = {Penafria, Manuela e Martins, India (orgs)},
  address = {Covilhā},
  pages = {33-48},
  ISBN = {978-972-8790-84-4},
  year = {2007},
  type = {Book Section},
}

@book{wolfflin2000conceitos,
  author = {Wölfflin, Heinrich},
  title = {Conceitos Fundamentais de História da Arte. 4ª edição brasileira},
  publisher = {São Paulo: Martins Fontes},
  address = {Sao Paulo},
  edition = {4},
  year = {2000},
  type = {Book},
}

@book{xavier1983experiencia,
  author = {Xavier, Ismail},
  title = {A Experiência do Cinema: antologia},
  publisher = {Edições Graal: Embrafilme},
  volume = {Coleçāo Arte e Cultura},
  year = {1983},
  type = {Book},
}

@misc{icarus2022vangogh,
  author = {{Icarus Films}},
  year = {2022},
  title = {Van Gogh},
  url = {https://icarusfilms.com/if-van},
  urldate = {2022-03-10}
}

@article{levy2010,
  title = {},
  author = {},
  year = {},
  journal = {},
}


@conference{lopes2019imersao,
  author = {Denise Costa Lopes},
  title = {A imersão do espectador na linguagem de Bruegel e Majewski},
  booktitle = {XXVIII Encontro Anual da Compós},
  address = {Porto Alegre, RS},
  publisher = {Compós},
  year = {2019}
}

@incollection{manevy2006,
  author = {Alfredo Manevy},
  title = {Nouvelle vague},
  editor = {Mascarelo, F.},
  year = {2006},
  booktitle = {História do cinema mundial},
  publisher = {Papirus},
  page = {221-252}
}
